<?xml version="1.0" encoding="UTF-8"?><collection xmlns="http://www.loc.gov/MARC21/slim"><record><leader>00379nam--2200145-i-4500</leader><controlfield tag="001">000012394</controlfield><controlfield tag="002">20161230</controlfield><controlfield tag="005">20170201155608</controlfield><controlfield tag="008">060222s1000------------r-----000-0-eng-d</controlfield><datafield ind1=" " ind2=" " tag="100"><subfield code="a">Bullen, K. E</subfield></datafield><datafield ind1=" " ind2=" " tag="245"><subfield code="a">An introduction to the theory of seismology</subfield></datafield><datafield ind1=" " ind2=" " tag="260"><subfield code="a">Cambridge, Cambridge University Press, 1963</subfield></datafield><datafield ind1=" " ind2=" " tag="300"><subfield code="a">300p</subfield></datafield><datafield ind1=" " ind2=" " tag="852"><subfield code="a">45478</subfield></datafield><datafield ind1=" " ind2=" " tag="CAT"><subfield code="a">SYS</subfield><subfield code="c">20170201</subfield><subfield code="h">155608</subfield></datafield></record></collection>